2459 3934
124 243 188 307 210
504 258 688 305 nxunorsus.

163 414 285 474 Paucos
299 415 365 474 dies
378 425 523 488 moratus,
538 434 570 475 se
585 414 616 474 in
631 415 710 473 fines
723 413 878 475 Ubiorum
892 412 1021 492 recepit.

163 494 283 555 Eodem
297 495 366 555 loco
380 514 443 555 non
458 505 530 555 suut
544 495 608 555 ausi
624 502 758 554 manere.

163 574 234 635 Hac
247 575 384 635 oratione
399 576 514 648 hablta,
529 575 694 635 concilium
709 574 834 634 dimisit

163 653 280 715 Multas
295 654 437 735 epistolas
451 654 554 715 Roma
568 654 681 734 accepi.

163 734 207 795 Et
220 734 298 795 mari
313 744 345 795 et
359 740 442 795 terra
455 735 534 795 male
548 755 596 796 res
609 744 771 815 geruntur.

162 813 240 875 Dies
254 823 422 895 noctesque
435 815 633 889 iterfaciens,
646 813 785 874 Taurum
797 813 930 875 transiit.

164 893 296 955 Postbro
310 894 362 954 die
376 903 476 955 castra
489 914 528 954 ex
543 914 581 955 eo
595 896 665 955 loco
679 903 817 954 movent.

164 973 255 1049 Galli,
268 994 302 1034 re
317 977 451 1054 cognita,
465 974 655 1035 obsidionem
668 975 857 1055 relinquunt.

164 1053 310 1134 Regnum
323 1054 438 1115 multos
451 1074 549 1114 annos
563 1055 750 1115 obtiuutrat.

164 1134 247 1195 Tota
259 1143 351 1195 nocte
365 1133 562 1195 continenter
574 1140 686 1195 strunt.

163 1214 292 1275 Nullam
306 1223 425 1295 partem
437 1214 540 1275 nontin
553 1214 662 1274 itinere
676 1213 902 1289 intermissam
914 1212 992 1272 fines
1007 1212 1084 1273 Lin-

243 1304 360 1375 gonum
373 1293 421 1354 dio
435 1304 546 1374 quarto
581 1302 777 1355 ervenerunt

164 1372 264 1434 Millia
276 1393 423 1455 passuum
436 1373 496 1434 tria
509 1374 548 1434 ab
560 1314 699 1435 liostium
711 1373 819 1434 castris
834 1384 933 1434 castra
945 1373 1046 1453 ponit.

164 1454 260 1514 Parvi
273 1463 345 1516 sunt
358 1454 431 1515 foris
445 1472 538 1529 arma,
551 1454 611 1514 nisi
625 1464 674 1515 cst
686 1454 848 1514 consilium
862 1453 955 1513 domi.

164 1535 292 1595 Atticus
306 1554 403 1594 annos
417 1534 546 1614 triginta
559 1534 712 1594 medicina
725 1553 789 1594 non
803 1532 947 1613 indiguit.

164 1613 276 1674 Laelius
290 1625 323 1674 et
335 1613 437 1694 Scipio
451 1622 518 1673 rus⁰
531 1634 570 1674 ex
583 1614 660 1674 urbe
674 1614 848 1674 evolabant.

165 1693 317 1833 Isocrptps
331 1704 435 1754 orator
448 1713 542 1754 unam
556 1694 727 1756 orationem
740 1693 853 1774 viginti
866 1693 993 1754 talentis
1005 1712 1085 1753 ven·
1137 1768 1140 1771 ἢ

266 1776 277 1833 l
301 1774 334 1834 it.

164 1852 269 1915 Domo
283 1858 438 1935 profectus
453 1864 509 1915 est.

166 1933 236 1994 Hac
263 1939 367 2013 pugna
393 1939 538 2013 pugnata,
566 1932 699 1993 Romam
725 1932 882 2012 profectus
909 1943 967 2005 est,
991 1934 1083 1992 nullo

245 2014 415 2073 resistente.

165 2091 311 2153 Maximis
325 2092 417 2152 rebus
431 2092 534 2172 gestis,
549 2092 690 2153 Athenas
705 2100 867 2152 venerunt.

165 2172 215 2233 Ut
228 2172 336 2233 Romae
358 2173 508 2252 consules,
522 2172 566 2233 sic
587 2173 775 2252 Carthagine
797 2171 963 2253 quotannis
984 2173 1083 2232 annui

245 2272 333 2333 reges
347 2253 537 2313 creabantur.

166 2330 205 2391 Ei
219 2341 289 2394 tota
301 2332 473 2411 respublica
486 2331 572 2391 domi
584 2332 718 2411 bellique
732 2332 848 2393 tradita
861 2340 918 2392 est.

165 2411 270 2472 Nemo
284 2412 461 2472 mortalium
475 2412 619 2472 omnlbus
633 2412 716 2471 horis
729 2411 817 2491 sapit.

166 2490 259 2551 Philo
271 2494 363 2552 domo
377 2491 521 2571 profugit,
536 2490 733 2571 Romamque
746 2492 842 2552 venit.

166 2570 262 2632 Forte
275 2570 388 2644 evenit,
403 2581 439 2633 ut
452 2572 515 2632 ruri
529 2572 683 2631 essemus?

166 2650 295 2712 Virtute
309 2658 447 2731 excepta,
461 2652 537 2711 nihil
552 2651 687 2711 amicitia
699 2650 902 2731 prestabilins
915 2650 1054 2731 putetise

167 2730 299 2794 Cadmus
313 2732 429 2825 spargit
442 2730 547 2792 humid
556 2731 659 2810 jussos
672 2732 790 2792 dentes.

166 2810 253 2876 Urbs
265 2811 354 2873 Vei1⁶
370 2812 478 2872 decem
499 2821 622 2873 aesmtes
641 2811 820 2891 hiemesque
841 2810 1003 2872 continuas
1024 2811 1085 2872 cir-

245 2912 400 2955 cumsessa
414 2900 470 2951 est.

165 2973 375 3035 Athenienses
395 2971 478 3031 bello
498 2970 624 3033 PersIco
644 2970 720 3031 suas
738 2970 850 3046 omnia,
871 2990 939 3051 quae
960 2972 1084 3031 moveri

245 3056 398 3134 poterant,
419 3051 531 3131 partim
554 3052 750 3125 Salaminem,
765 3052 879 3131 partim
899 3050 1084 3112 Troeaeuem

246 3141 451 3214 asportarunt.

127 3326 143 3355 a
151 3313 209 3355 Rulo
216 3316 250 3364 81,
258 3314 325 3356 Rom.
350 3314 430 3357 bRule
438 3317 472 3363 ⁹⁰,
481 3313 527 3356 and
542 3312 611 3354 Rnles
620 3312 659 3352 for
667 3312 816 3365 undatim,
825 3310 976 3361 subjunctive.
984 3313 1010 3352 4·
1023 3311 1084 3364 also,

151 3362 354 3454 {tuffam
380 3362 577 3414 annosarum.
603 3360 801 3413 annaeum.
827 3360 946 3405 ennean
966 3340 1085 3414 saner,
