2459 3934
515 220 701 269 smelsns.

171 378 334 454 Celeriter,
348 378 433 459 quod
445 377 628 452 habuerunt,
644 386 912 459 consumpserunt.

170 458 305 533 Bellum,
319 457 404 540 quod
418 464 600 551 suscepdrat
607 458 713 538 gessit.

172 538 250 599 Non
264 539 305 613 id,
320 538 405 619 quod
440 540 541 612 etiv1t,
556 543 743 599 consectitus
757 545 814 599 est.

171 618 224 692 Id,
240 619 323 699 quod
337 629 404 679 erat
416 553 641 694 difficillimum,
655 617 816 681 efficiebat.

173 698 319 759 ProxImi
332 706 405 758 sunt
418 697 588 772 Germanis,
605 698 658 779 qni
677 706 764 759 trans
781 697 929 760 Rhenum
945 698 1092 761 incolunt

396 916 627 977 Promiscuous
651 916 831 995 Eaeomples.

172 1048 259 1111 Vive
273 1064 391 1110 memor
404 1046 574 1111 senecttitis
590 1055 623 1109 et
638 1046 754 1109 mortis

173 1130 251 1190 Non
264 1133 387 1191 recinat
401 1133 459 1209 qut
472 1127 574 1190 minhs
587 1127 666 1208 legis
679 1146 803 1209 poensm
819 1127 1032 1209 persolveret⁶

173 1208 248 1282 Quo
262 1207 342 1302 plus⁶
355 1207 480 1283 hebent
495 1227 532 1269 eo
548 1208 619 1289 plns
632 1206 771 1287 cupiunt.

172 1289 352 1369 Pieeolpuus
366 1288 395 1349 ei
408 1289 507 1349 honos
524 1287 651 1349 habitus
665 1296 722 1348 est.

171 1368 298 1429 Bellum
313 1367 475 1429 exitiosum
493 1367 664 1447 impendet.

171 1449 290 1510 Locsm
303 1449 385 1509 vallo
399 1447 480 1515 fossi
503 1468 542 1508 ue
558 1448 702 1507 munivit.

171 1528 399 1608 Neoptolemus
415 1468 503 1621 apud
514 1527 722 1607 Lycomedem
734 1536 803 1588 erat
816 1527 974 1589 educatus.

173 1609 248 1681 Qua
260 1614 364 1689 pugnet
378 1607 456 1669 nih1l
473 1608 574 1669 adhuc
588 1617 636 1669 est
649 1606 790 1669 nobilior.

172 1688 276 1749 Furor
289 1697 321 1749 et
334 1689 380 1749 ira
392 1688 592 1769 praeoipitsnt
605 1692 752 1748 animum.

171 1767 266 1828 Mors
278 1788 341 1830 non
356 1777 427 1829 tuta
443 1777 499 1829 est.

172 1847 294 1909 Litercs
307 1857 453 1928 exspecto
471 1867 549 1929 ques
564 1846 720 1929 scripsisti.

172 1926 259 1989 Dion
272 1928 368 2068 freftus
383 1948 446 1989 non
470 1936 535 1989 tam
558 1927 621 1988 suis
641 1926 745 2007 copiis,
759 1943 853 2008 quam
873 1925 946 1987 odio
966 1926 1092 2006 tyranni

292 2016 410 2069 oectus
425 2016 481 2069 est.
971 2049 979 2059 ,

175 2087 208 2147 Α
221 2028 318 2168 pridie
332 2097 424 2148 aetste
439 2108 489 2147 me
504 2085 698 2169 philosophia
715 2084 892 2147 delectavit.

175 2168 239 2229 Hic
251 2168 310 2229 suit
324 2167 463 2229 omnium
478 2167 717 2248 potentissimus.

148 2280 150 2285 ’
175 2296 267 2377 They
280 2306 349 2358 sent
366 2298 575 2359 ememtes
590 2297 662 2359 who
680 2296 794 2357 sionis
814 2294 938 2358 ouant
952 2297 1001 2376 (to
1021 2316 1091 2359 oon

176 2378 552 2538 Theydlddiidlddnddaitddht
565 2459 642 2536 they
654 2457 717 2517 hod
730 2454 893 2537 promised.

176 2536 228 2597 He
248 2557 333 2631 gave·
344 2540 406 2617 (to)
424 2539 477 2599 the
496 2537 624 2599 soldiers
643 2537 698 2597 the
718 2556 832 2616 money
845 2535 947 2598 which
967 2537 1006 2597 he
1026 2536 1088 2598 had

64 2764 67 2771 .
177 2696 228 2757 He
242 2618 442 2779 tdeadeewpddicce
456 2698 533 2759 with
548 2698 638 2758 those
652 2697 724 2756 who
740 2696 888 2790 occupied
901 2697 955 2757 the
969 2696 1041 2776 city.

177 2776 260 2838 Dion
290 2778 465 2840 conducted
495 2780 548 2838 the
578 2775 740 2837 embassies
769 2777 870 2837 which
897 2789 977 2837 were
1006 2786 1088 2837 most

256 2857 433 2919 renowned.

177 2936 228 2997 He
242 2938 319 2999 took
333 2958 421 3018 away
435 2938 476 2999 all
490 2938 559 2998 that
573 2936 649 3015 they
661 2935 724 2996 had
737 2935 881 3016 brought

136 3134 376 3229 ῗξῶοὓῖὅιτίκὼιζὲἰο
384 3137 418 3187 90,
426 3134 472 3177 end
480 3132 552 3178 Bules
560 3133 599 3177 ror
605 3126 909 3205 trunsum-snitum
916 3125 995 3185 inocd,
1002 3132 1024 3176 4.

252 3216 258 3239 ,
327 3215 333 3228 .
