2459 3934
542 255 726 306 raesulem.

198 406 279 468 Auri
293 407 469 470 avidissima
504 430 558 472 ens
572 420 647 472 erat.

198 485 436 550 Existimatione
450 490 479 550 n'
504 491 525 550 il
539 491 672 552 habebat
686 492 791 553 carius.

200 567 371 628 Suevorum
385 589 463 649 gens
475 581 523 632 est
536 572 784 634 bellicosissimus
797 571 1027 632 Germanorum.

198 645 303 708 Minor
317 669 379 708 uno
393 659 515 711 mense⁰
529 651 597 712 fuit.

199 727 320 788 Civitas
333 729 417 789 mille
432 731 515 792 misit
530 731 672 792 militum.

197 805 306 867 Turris
319 808 378 870 suit
391 810 482 871 altior
495 831 593 872 muro.

197 886 357 949 Hannibal
371 889 554 951 fortissimus
568 899 635 952 erat
650 891 786 952 omniurn
797 889 1107 970 Carthaginiensium.

196 966 303 1027 Nemo
317 968 491 1031 Hannibale
506 970 615 1031 fortior
626 970 693 1031 fuir.

198 1046 307 1108 Oioero
321 1059 387 1110 erat
401 1059 554 1111 oratorum
569 1050 779 1111 Romanorum
793 1049 1069 1130 eloquentisalmus.

197 1126 346 1189 Oioerone
360 1149 451 1191 nemo
464 1131 523 1191 fuit
537 1130 737 1210 eloquentior.

197 1205 342 1270 Socrates
366 1219 432 1271 erat
451 1211 702 1292 philosophorum
726 1210 903 1270 Graeoorum
926 1209 1108 1290 sapientissi-

278 1308 355 1350 mus.
667 1337 672 1346 .

195 1365 430 1448 Theophrastus
444 1369 691 1452 elegantissimus
703 1369 952 1450 philosophorum
965 1379 1040 1431 erat

415 1547 645 1608 Promisouous
666 1547 845 1626 harmies

195 1675 346 1737 Hostium
360 1687 478 1740 animos
490 1679 585 1739 timor
598 1685 874 1760 proeooonpaverat.

196 1755 316 1816 Omnes
329 1757 490 1836 splendore
504 1759 663 1838 supererit
676 1759 757 1820 vitoe.

195 1835 362 1897 Finitimas
376 1849 515 1953 repones
529 1839 671 1900 verrebat

196 1915 324 1987 Quaerit.
339 1917 414 1997 quid
438 1937 536 1980 eaueoe
551 1922 610 1980 sit.⁶

194 1995 333 2057 Multum
347 1998 485 2077 peonniae
499 1997 644 2078 perdidit.

194 2073 344 2156 Perpetui
358 2078 478 2158 imperii
494 2077 624 2158 cupidus
635 2078 704 2140 fnit.

193 2153 296 2236 AEger
309 2167 375 2219 erat
388 2157 575 2219 vulneribus.
704 2222 710 2232 ,

196 2234 325 2298 eivitsti
337 2237 397 2299 fuit
410 2239 592 2300 carissimus.

193 2312 335 2378 Libertas
349 2327 396 2379 est
410 2318 508 2380 oarior
521 2318 594 2379 vite.

195 2393 343 2457 Omnium
358 2398 471 2459 civium
486 2397 655 2460 ditissimus
667 2397 735 2458 fuit.

195 2473 340 2538 Habebat
353 2487 492 2558 equitum
506 2478 618 2558 viginti
630 2477 734 2538 millia.

196 2603 339 2670 Socrates
352 2628 416 2670 was
430 2627 505 2688 very
517 2608 601 2669 wise.

197 2687 339 2749 Socrates
353 2709 416 2749 was
434 2689 488 2749 the
502 2688 606 2749 wisest
617 2688 658 2748 of
670 2689 724 2749 the
738 2687 869 2749 Greoian
883 2690 1102 2770 philosophare.

194 2767 340 2847 Nothing
352 2768 378 2830 is
392 2769 500 2829 dearer
513 2767 589 2828 than
603 2766 789 2847 reputation.

131 2887 135 2896 ·
195 2847 306 2909 Oioero
319 2868 382 2910 was
395 2868 472 2928 very
486 2847 642 2927 eloquent.

196 2925 304 2988 (lieero
318 2947 381 2990 was
394 2929 448 2990 the
462 2938 543 2989 most
558 2928 705 3007 eloquent
718 2927 755 2988 of
768 2926 892 2989 Roman
906 2936 1032 2990 oratore.

194 3005 247 3068 No
262 3028 321 3068 one
334 3027 398 3070 was
411 3028 496 3070 more
511 3009 658 3090 eloquent
672 3008 748 3069 than
763 3008 879 3070 Oioero.

196 3085 259 3148 She
271 3107 336 3150 was
349 3108 408 3150 one
422 3089 532 3150 month
545 3108 693 3169 younger.

226 3251 457 3303 nesteronem.
508 3250 797 3302 bRnlesfortranslatlng
873 3249 1038 3302 tlregenlttve.

226 3301 346 3356 aarum,
354 3301 415 3344 aule
426 3303 460 3354 w,
469 3300 516 3343 and
529 3301 593 3343 mles
602 3299 640 3345 tor
647 3300 789 3353 melaena
823 3297 1025 3350 ontinenam.

410 3383 457 3432 15*
