2459 3934
541 250 723 298 uxamiam.

194 403 332 465 Biduum
347 402 508 467 Laodiceae
522 406 575 467 fui.

195 484 387 544 Chersoneso
402 487 456 546 tali
470 487 565 547 modo
581 487 757 561 constituta,
771 492 946 548 revertitur.

193 563 397 637 Barbarorum
413 566 509 646 copiis
523 566 659 645 dejectis,
673 573 741 627 tota
753 567 886 647 regione,
901 587 993 646 quam
1009 568 1102 647 petis-

272 656 329 718 rat,
343 656 462 724 potitus
477 656 535 707 est.

192 722 243 785 Eo
255 725 324 785 loco
339 745 447 785 omnes
460 726 653 787 interierunt

191 803 305 864 Psmda
317 804 506 885 locupletato
520 806 667 881 exercitu,
680 806 823 866 maximis
837 808 927 867 rebus
947 805 1043 886 gestis
1064 807 1102 869 ad
1121 801 1124 806 ’

272 885 378 945 urbem
394 896 554 947 venatunt.

192 963 246 1023 Me
260 964 416 1025 literarum
430 965 621 1044 exspectatio
634 964 860 1027 Thessalonioae
874 975 971 1026 tenet.

193 1043 349 1105 Hannibal
364 1044 396 1104 in
410 1045 540 1105 hibema
555 1046 692 1125 Capuam
706 1046 865 1106 concessit.

194 1123 304 1184 Hieme
319 1125 381 1185 ursi
393 1125 426 1184 in
441 1124 537 1185 antris
550 1125 717 1186 don-iniunt.

193 1203 308 1283 Magno
323 1204 435 1285 ubique
449 1205 549 1284 pretio
563 1205 662 1265 virtus
675 1206 854 1267 aestimatur.

194 1283 362 1345 Consulatu
374 1295 501 1364 peracto
515 1284 653 1365 privatus
667 1286 699 1345 in
713 1287 788 1346 urbe
803 1285 925 1347 mansit.

193 1361 245 1424 Lis
259 1364 324 1443 ejus
337 1364 489 1425 aestimata
503 1374 551 1425 est
564 1375 691 1426 eentum
704 1366 837 1426 talentis.

192 1441 301 1503 Monte
315 1453 473 1524 occupato,
488 1458 610 1507 nostros
623 1446 831 1525 exspectabat.

194 1524 301 1585 Conon
315 1525 481 1604 plurimum
497 1524 523 1587 Ο
568 1525 593 1585 η’
606 1524 694 1585 vixit.

192 1602 309 1667 Literas
323 1607 468 1681 Athenas
483 1625 524 1684 pu
559 1607 605 1666 iob
619 1604 712 1665 misit.

193 1684 309 1746 Chares
322 1685 455 1746 Athenis
469 1696 504 1745 et
517 1686 685 1746 honoratus
699 1694 732 1747 et
745 1696 857 1766 potens
870 1685 938 1745 fuit.

137 1808 140 1815 .
232 1764 303 1826 Hoc
314 1784 463 1846 responso
477 1765 552 1825 dato
566 1765 713 1827 discessit.

190 1843 314 1917 Darius,
323 1853 460 1906 exercitu
474 1864 515 1905 ex
526 1845 605 1905 Asia
620 1845 651 1904 in
660 1845 816 1925 Europam
827 1846 964 1925 trajecto,
976 1844 1101 1925 Scythis

270 1925 386 1985 bellum
400 1924 512 1985 inferre
527 1924 673 1985 decrevit.

190 2003 320 2065 Postero
335 2005 384 2064 die
400 2003 539 2065 Helvetii
553 2014 654 2065 castra
667 2024 707 2064 ex
721 2024 759 2064 eo
771 2004 841 2065 loco
853 2012 990 2064 movent.

190 2084 294 2162 Reges
308 2104 416 2163 paoem
431 2083 552 2165 ingenti
565 2083 696 2164 pecunia
708 2085 931 2144 mercabantur.

190 2164 272 2224 Galli
286 2167 441 2303 qnondam
455 2164 548 2245 longe
564 2164 602 2223 ab
616 2162 680 2223 suis
700 2164 824 2223 sedibus
844 2162 983 2243 Delphos
1003 2184 1100 2244 usque

291 2265 324 2305 ro
337 2244 398 2305 ecti
413 2253 494 2305 sunt.
706 2267 710 2274 ·

189 2264 417 2405 Imprbboaum⁰
431 2322 527 2383 animi
541 2321 787 2385 solicitudinibus
800 2332 909 2384 noctes
925 2333 1017 2404 atque
1034 2324 1100 2385 dies

269 2406 452 2465 exeduntur.

189 2484 347 2557 Hercules,
356 2484 376 2545 J
379 2484 445 2544 ovis
460 2492 492 2545 et
501 2482 634 2544 Asterioe
643 2482 733 2558 filius,
741 2483 818 2562 'Tyn'
831 2492 965 2544 maxime
980 2485 1099 2545 colitur.

188 2562 267 2624 Inde
282 2564 440 2643 Ephesum
454 2562 588 2643 pevenit.
1111 2587 1114 2592 ’

188 2644 321 2705 Athenis
336 2655 427 2703 natus
444 2654 500 2704 est.

187 2724 364 2783 Alexander
378 2723 537 2802 Babylone
552 2731 694 2783 mortuus
708 2731 764 2784 est.

187 2804 282 2864 Domi
296 2824 328 2863 se
342 2803 459 2864 tenuit·

186 2882 324 2944 Domum
338 2892 497 2943 revocatus
511 2892 567 2944 est.

186 2962 301 3024 Domo⁶
314 2973 475 3023 arcessitus
490 2973 546 3023 est.

185 3042 335 3104 Domum⁶
348 3043 462 3103 reverti
475 3043 583 3104 noluit.

186 3120 296 3182 Domid
309 3122 430 3203 quietus
443 3123 510 3183 fuit.

186 3201 291 3262 Pn'md
304 3203 373 3263 luce
388 3221 512 3262 omnem
527 3202 699 3281 equitatum
712 3202 880 3283 praemittit

170 3382 254 3425 aliuis
263 3386 283 3435 1,
293 3384 359 3425 Rem.
367 3386 389 3427 3.
414 3382 495 3425 bltule
503 3386 536 3435 83,
545 3384 610 3425 Rem.
643 3386 722 3427 cRule
730 3388 764 3433 81,
772 3384 838 3427 Rem.
871 3384 1072 3436 dRulesthem.

405 3451 452 3499 1⁸*
