2459 3934
117 236 181 305 222
321 248 329 256 ·
504 254 689 305 exuemus.

156 406 292 485 Legatos
306 408 457 472 miserum
471 410 524 490 qui
534 430 605 471 oum
617 411 778 473 absentem
788 422 978 488 aoouserent,
986 414 1075 493 quod

236 489 416 551 sooietatem
432 510 502 550 oum
517 511 588 570 rege
604 490 768 551 Persarum
784 492 914 553 fecisset.

155 566 273 629 Milites
288 588 333 642 ea,
349 590 417 650 quoe
432 570 667 649 imperarentur,
681 571 814 631 libenter
828 573 979 633 recerunt

71 702 76 715 .
155 646 231 709 Non
244 651 373 711 venerat
389 650 472 728 quod
486 650 587 711 seiam.

157 728 259 791 Oaesar
272 728 453 809 equitatum,
469 728 522 808 qui
543 729 732 791 sustinerent
751 729 890 792 hostium
907 731 1074 813 impetum,

235 807 329 870 misit.

155 888 300 963 Videtur,
314 888 368 969 qui
381 888 547 969 aliquando
562 888 704 982 imperet,
716 888 831 971 diguus
844 911 919 953 osse.

155 967 336 1029 Peooavisse
350 968 424 1029 mihi
437 968 553 1043 videor,
569 988 623 1050 qu1
636 988 656 1029 a
668 979 702 1031 to
715 970 917 1034 discesserim.

154 1046 272 1128 Magna
291 1048 351 1111 fuit
371 1050 539 1123 eontentio,
555 1061 661 1111 utrum
681 1051 834 1112 moenibus
853 1071 887 1113 so
907 1052 1072 1113 defender-

225 1136 313 1203 ⁴aaut,
327 1148 367 1193 an
382 1129 505 1192 obviam
520 1130 602 1191 irent
615 1129 757 1192 hostibus
777 1131 903 1212 acieque
922 1133 1071 1193 deoesne-

234 1218 313 1270 rent.

154 1286 328 1350 Aoousatus
342 1299 390 1350 est
403 1289 594 1370 proditionis,
605 1291 701 1370 quod,
710 1310 806 1371 quum
819 1290 936 1352 Parum
949 1310 1072 1371 expug-

234 1379 306 1429 naro
320 1369 425 1449 possit,
440 1388 458 1430 a
472 1388 544 1451 iege
567 1379 739 1451 eorruptus,
752 1370 875 1434 infestis
894 1371 987 1434 rebus
1006 1372 1072 1433 dis-

234 1448 383 1511 oessisset.

153 1579 307 1643 Miserunt
320 1580 462 1661 Delphos
476 1581 663 1657 consultum,
677 1582 824 1663 quidnam
837 1582 983 1645 &esunt

154 1658 289 1741 Legatos
311 1661 468 1735 miseruut,
490 1661 544 1741 qui
564 1660 760 1742 Lysandrum
780 1672 966 1738 aoeusarent,
980 1664 1072 1745 quod

233 1741 406 1802 sacerdotes
420 1740 484 1801 fani
499 1744 694 1821 eorrumpere
708 1752 838 1803 conatus
851 1752 941 1803 esset.

153 1818 290 1962 Ponteqm
303 1821 385 1961 tfeeit
409 1821 439 1882 in
466 1818 576 1883 Histro
597 1821 734 1897 flumlne,
754 1827 816 1903 qua
836 1823 939 1904 copias
961 1824 1072 1885 tradu-

270 1921 300 1961 re
318 1947 325 1961 .

154 1978 290 2061 Collegis
296 1980 444 2120 praedixit
459 1990 548 2043 utne
562 1979 647 2061 priiis
667 1980 970 2043 Lacedaemoniorum
986 1984 1072 2063 lega·

232 2070 282 2121 tos
318 2062 497 2136 imitterent,
512 2065 604 2141 quam
617 2060 683 2141 ipse
698 2070 780 2121 esset
793 2062 945 2123 remissus.

151 2138 284 2201 Difficile
298 2140 468 2215 intellectu,
483 2152 589 2202 utrum
605 2159 678 2203 eum
698 2139 788 2203 amioi
807 2141 903 2223 magis
923 2162 1070 2204 veressu-

231 2228 304 2294 tu1·,“
318 2240 357 2280 an
372 2226 535 2282 amarent?

154 2296 265 2373 Suasit,
279 2296 477 2361 Pharnabtso
500 2300 534 2361 id
548 2299 667 2380 negotii
678 2300 776 2362 daret
813 2351 816 2355 .

153 2378 256 2440 Oaesai·
276 2380 355 2439 dixit
376 2399 417 2454 se,
439 2390 605 2462 postquam
626 2380 731 2441 hostes
750 2379 811 2443 fusi
831 2390 942 2455 essent,
962 2395 1070 2443 castra

232 2459 421 2518 munitarum
437 2479 512 2520 esso.

151 2537 262 2618 Neque
277 2538 364 2598 abest
379 2538 519 2620 suspicio,
533 2539 608 2621 quin
629 2538 694 2619 ipse
714 2539 773 2600 sibi
793 2550 925 2601 mortem
946 2543 1072 2603 oonsoi-
1158 2572 1166 2582 ·

231 2618 319 2677 verit.

152 2697 255 2760 Oaesar
267 2717 329 2758 non
345 2700 589 2778 exspectandum
603 2698 661 2759 sibi
680 2700 798 2775 statuit,
811 2701 886 2760 dum
902 2700 935 2760 in
953 2700 1071 2763 Santo-

230 2797 285 2839 nes
299 2776 439 2838 Helvetii
453 2782 662 2857 pervenitent.
1079 2795 1082 2800 ⁴

149 2857 252 2919 Multo
266 2857 397 2951 gravius,
412 2858 494 2937 quod
508 2858 549 2919 sit
562 2858 741 2933 destitutus,
756 2868 900 2940 queritur.

150 2937 306 3012 Ostendit,
320 2935 473 2997 Helvetiis
487 2938 631 3017 perfacile
645 2959 720 3013 esse,
729 2959 824 3019 quum
834 2941 949 2999 virtute
963 2946 1070 2999 omni·

230 3020 287 3079 bus
301 3027 489 3097 praestarent,
503 3017 633 3096 imperio
647 3019 749 3097 potiri.
1016 3040 1019 3046 ·

151 3094 300 3178 Poposcit
314 3116 427 3171 servos,
442 3096 495 3177 qui
508 3096 547 3158 ad
563 3116 615 3157 eos
629 3097 842 3179 perfugissent.

522 3324 538 3355 a
547 3311 607 3353 Rulo
613 3312 649 3354 et.
