2459 3934
404 554 635 616 Promissum
668 554 842 634 Exempla

185 686 285 748 Dolor
296 684 330 747 in
344 684 485 746 maximis
499 684 587 745 mulis
601 684 733 746 ducitur.
831 706 835 715 ·

185 766 362 828 Periculum
396 776 452 839 est,
472 784 513 825 ne
540 764 736 825 immodestii
764 764 899 825 militum
925 775 1105 827 nostrorum

265 845 383 907 occasio
398 846 503 905 detur⁸
515 843 677 925 Lysandro
692 846 789 906 nostri
803 846 999 926 opprimendi
1018 867 1106 907 exer·

266 928 353 987 citus.

186 1006 272 1081 Quid
286 1007 390 1066 hostes
405 1004 522 1065 consilii
540 1006 705 1087 caperent,l
717 1007 928 1087 exspectobat

185 1087 287 1149 Attloi
314 1086 399 1225 pules
428 1088 590 1166 tantopere
621 1087 734 1149 caestri
760 1087 820 1149 fuit
845 1097 945 1169 gratis,
965 1097 1005 1148 ut
1032 1086 1106 1148 hnic
1197 1111 1198 1158 l

265 1177 413 1227 moestus
427 1186 490 1226 nou
506 1166 625 1227 fuerit*

185 1246 318 1309 Inferior
330 1246 434 1326 copiis,
450 1246 588 1327 superior
602 1247 745 1308 omnibus
758 1246 873 1327 proeliis
885 1247 1039 1309 discessit.

185 1325 328 1408 Populus
340 1326 464 1387 invidus
478 1326 627 1405 potentiss
642 1348 713 1387 enm
727 1338 861 1390 revocat.

185 1404 263 1469 Erat
276 1405 454 1467 difficilllmt
468 1412 595 1467 nattum

184 1535 318 1597 Difficile
345 1544 394 1596 est
422 1536 572 1615 judicare,
592 1538 623 1595 id
651 1544 755 1597 utrum
783 1542 813 1598 ci
846 1537 1034 1601 laboriosius
1066 1559 1107 1601 uu

265 1615 426 1697 gloriosius
439 1614 554 1678 fuerit?
620 1636 629 1649 ²

185 1696 249 1758 Hic
261 1696 319 1758 fuit
333 1700 471 1757 omnium
485 1696 727 1775 potentissimus.

185 1776 330 1838 Habebat
343 1775 417 1837 satis
431 1776 559 1837 consilii.

185 1857 321 1918 Pontem
335 1860 387 1938 qui
402 1868 467 1916 emt
482 1856 520 1915 ad
536 1856 705 1930 Genevsm,
714 1856 806 1937 jubet
819 1856 959 1920 rescindi.

187 1936 261 1999 Sese
275 1956 384 1998 omnes
398 1936 509 1997 flentes
525 1936 653 1997 essunt*
666 1937 706 1996 ad
720 1939 813 2016 pedes
827 1938 1041 2018 projecerunt.

185 2016 354 2078 Turranius
367 2016 427 2077 fuit
441 2018 535 2076 homo
550 2022 670 2077 summu
682 2016 885 2097 integrittte.⁸

185 2096 289 2157 Nemo
303 2098 356 2157 illo
371 2096 474 2157 miuus
488 2115 580 2156 emax
593 2096 662 2157 fnit.

186 2176 336 2239 Cominus
349 2176 458 2257 gladiis
471 2186 645 2256 pugnetum
659 2184 716 2235 est.

185 2256 233 2319 Eo
249 2277 282 2318 so
296 2268 412 2338 susque
426 2254 530 2317 omnia
544 2256 752 2317 contuleruut.

187 2336 209 2397 S
232 2338 338 2398 erubet
352 2356 385 2397 se
398 2336 630 2416 imprudentem
642 2336 767 2397 hostem
780 2349 1007 2417 oppressurum.

220 2426 360 2477 sutorum
373 2426 462 2496 pater
474 2422 555 2496 regit
568 2434 690 2476 navem.

186 2496 282 2557 Nunc
295 2496 405 2558 animis
420 2515 497 2575 opus
511 2504 567 2570 cst,
581 2515 664 2556 nunc
677 2504 802 2576 pectore
815 2496 915 2559 firmo.

186 2629 273 2690 Mors
287 2626 425 2688 omnium
438 2627 588 2687 malorum
602 2646 726 2687 sensum
740 2626 860 2688 adimit.

186 2710 273 2769 Aves
287 2707 428 2787 quaedam
442 2726 476 2767 se
488 2706 520 2766 in
536 2706 612 2767 mari
627 2716 781 2786 mergunt.

184 2791 206 2852 J
208 2788 331 2851 ucuuda
345 2796 392 2847 est
406 2786 554 2846 memoria
567 2785 793 2866 proeteritorum
805 2787 965 2848 malorum.

185 2870 294 2931 Insula
306 2868 404 2928 Delos
417 2875 483 2926 erat
496 2866 609 2926 referta
622 2865 748 2927 divitiis.

186 2951 246 3012 His
259 2949 351 3010 rebus
369 2946 490 3008 adducti
510 2946 738 3007 constituerunt
758 2966 804 3021 ea,
817 2968 886 3027 quse
906 2948 947 3008 ud
966 2952 1105 3029 proficis.

265 3028 398 3091 cendum
411 3024 625 3107 pertinerent(
632 3037 818 3165 comparere.

186 3111 280 3171 Diem
293 3110 469 3189 deligerunt
482 3106 522 3165 ad
537 3106 696 3167 civitatem
722 3106 912 3170 iborandam.

186 3191 371 3254 Praeditum
384 3187 531 3250 exierant.

171 3355 297 3399 assueto.
330 3355 452 3398 onmem.
491 3352 794 3402 snulemommnnus.
839 3354 1079 3409 &Balsama
1130 3390 1134 3415 ‚

418 3401 652 3453 cBulstmemd.
680 3402 825 3453 sltuleloe.
