2459 3934
100 169 163 236 216
487 152 672 233 nxsucrsns.

138 344 305 405 Neminem
319 342 475 405 Alcibiadi
489 344 618 423 preclaro
632 342 664 403 in
679 342 809 423 patriam
824 349 955 405 ambre?

138 422 232 483 Pueri
246 423 448 503 mulieresque
464 443 502 483 ex
517 443 605 481 muro
621 422 717 501 passis
731 422 873 483 manibus
893 444 950 483 suo
967 443 1061 484 more

213 523 325 583 ,pacem
340 502 505 583 petierunt.

139 583 292 643 Omnibus
307 581 413 662 copiisl
428 582 541 645 auxilio
555 582 681 641 Nerviis
697 592 857 642 venerunt

139 714 312 773 Hamilcare
328 726 437 787 occiso,
452 712 625 773 Hasdrubal
639 713 789 772 exercitui
802 713 933 791 praefuit.

139 793 248 865 Caesar,
263 798 325 852 unt
338 802 444 853 aestate
459 792 578 852 duobus
591 792 734 851 maximis
747 791 835 851 bellis
850 793 1008 866 confectis,
1021 792 1058 852 in

218 872 346 932 hiberna
361 874 529 931 exercitum
545 870 684 930 deduxit.

140 952 289 1013 Celeriter
303 952 408 1025 nostri,
418 952 547 1011 clamore
561 950 692 1024 sublato,
701 951 763 1030 pila
777 952 809 1010 in
823 952 928 1012 hostes
937 951 1059 1013 immit-

219 1042 299 1092 tunt.

140 1112 272 1171 Romam
287 1111 374 1173 venit
388 1110 488 1170 Mario
503 1110 648 1170 consule!

139 1192 247 1271 Magni
261 1190 434 1252 aestimabat
447 1190 618 1269 pecuniam.

140 1272 243 1351 Reges
259 1290 366 1349 pacem
381 1270 499 1350 ingenti
513 1269 614 1349 pretio
628 1270 852 1331 mercabantur.

142 1350 297 1429 Syracusis
312 1350 398 1410 vixit.

142 1431 285 1509 Spartam
298 1430 398 1490 redire
414 1429 547 1491 nolebat.

31 1548 34 1557 ‚
140 1510 231 1571 Vixit
245 1509 332 1570 annis
348 1509 567 1591 undetriginta.

82 1625 87 1631 ·
139 1588 234 1650 Domi
248 1598 467 1651 remanserunt

139 1669 262 1731 Paucos
276 1670 341 1730 dies
357 1678 545 1729 commeatus
559 1676 650 1729 causa
661 1679 806 1730 moratur.

140 1749 252 1811 Paucis
266 1749 374 1811 diebus
389 1768 465 1828 opus
480 1750 616 1809 efficItur.

141 1830 324 1911 Compliucs
338 1829 404 1889 dies
419 1829 530 1888 milltes
544 1828 699 1889 frumento
714 1839 887 1891 caruerunt.

141 1909 284 1991 Quinque
300 1906 505 1970 dierum‘iter'
519 1908 623 1969 abfuit.

138 1988 303 2050 Exercitus
317 1988 476 2049 Romanus
490 1988 584 2048 tridui
598 1988 721 2049 itineres
735 1988 841 2050 abfuit.

140 2069 251 2131 Conon
265 2068 324 2131 fuit
338 2079 476 2130 extremo
490 2067 719 2148 Peloponnesio
734 2069 814 2129 bello
829 2080 950 2150 praetor.

138 2202 243 2262 Nemo
257 2202 468 2263 Romanorum
482 2199 675 2282 eloquentior
687 2202 745 2263 fuit
759 2202 916 2263 Cicerone.

138 2281 297 2343 Gallorum
312 2281 450 2342 omnium
463 2281 621 2341 fortissimi
633 2290 706 2341 sunt
720 2280 835 2362 Belgae.

139 2361 273 2421 Obviam
287 2361 427 2421 hostibus
441 2361 536 2421 ibant.
701 2373 705 2377 '

139 2439 294 2501 Postridie
310 2441 375 2519 ejus
389 2440 452 2501 diei
465 2452 565 2501 castra
578 2449 751 2512 moverunt

138 2520 266 2581 Peritus
279 2520 351 2580 bclli
366 2529 438 2581 erat.

138 2599 283 2661 Habebat
297 2602 436 2679 equitum
450 2600 561 2679 viginti
572 2601 676 2662 millia.

139 2679 339 2747 Pharnabazo
354 2678 384 2739 id
400 2680 519 2759 negotii
532 2680 626 2739 dedit.

141 2762 237 2823 (larus
251 2760 313 2821 suis
328 2769 401 2820 erat.

42 2844 49 2863 ⁹
138 2840 248 2903 AEtatc
263 2841 421 2920 proximus
435 2847 509 2900 erat.

138 2920 234 2996 Nihil,
249 2920 333 3015 quod
346 2918 419 3000 ipsis
434 2928 528 2980 esset‘
540 2918 712 3001 iudignum,
726 2922 970 2985 committebant.

139 2999 290 3062 Hibernia
304 2999 433 3060 dimidio
447 3008 494 3060 est
507 3000 608 3059 minor
621 3020 715 3080 quam
724 3001 895 3062 Britannia.

138 3081 205 3140 Alii
218 3080 293 3141 alios
306 3079 460 3141 favebant.

139 3158 257 3221 Gladiis
270 3161 302 3221 in
317 3180 370 3222 eos
383 3159 536 3241 impitum
549 3161 696 3222 fecerunt.

100 3338 228 3384 canera.
263 3337 396 3383 cauom.
447 3330 573 3391 taureas,
584 3340 648 3381 nem.
657 3346 678 3382 a.
725 3342 851 3386 ‹annesa
901 3343 1051 3395 enuresoa.
