2459 3934
105 254 169 318 188
493 266 678 315 sxnno1sm.

144 424 456 517 Leghtusorepentint
469 442 502 482 re
516 423 723 511 perturbatus,
736 422 933 484 centuriones
947 444 1063 486 convo

144 512 362 665 Temgaullieius
374 583 577 644 interficiendi
592 590 727 663 quaerere
740 583 952 646 instituerunt.

144 714 248 776 Hu‘us
262 713 425 775 accusandi
438 718 531 774 causo
543 713 594 774 illc
608 712 720 775 missus
733 722 791 775 est

145 795 196 858 Ur
236 815 251 855 s
264 797 401 855 munitos
415 793 492 855 suis‘
505 793 637 854 tuendus
650 794 756 854 trudit.

145 875 201 937 Ad
214 894 267 935 eos
280 894 329 935 res
343 872 546 935 conficiendas
559 872 721 934 biennium
733 874 792 934 sihi
805 874 880 935 sutis
896 895 964 936 esse
983 876 1066 937 (iux-

226 962 326 1015 erunt.

147 1034 205 1096 1110
219 1053 347 1095 cernens
367 1033 485 1093 nullum
507 1033 610 1093 locum
631 1032 689 1092 sibi
709 1041 814 1094 tutum
833 1034 867 1094 in
887 1034 1067 1113 Graeoiuin

226 1114 336 1175 Asiam
350 1112 481 1175 transiit.

146 1194 230 1256 Dolo
243 1203 310 1255 erut
323 1191 545 1274 pugnandum?
559 1212 654 1272 quum
667 1212 724 1274 par
736 1213 801 1254 non
814 1203 907 1255 esset‘
920 1197 1023 1259 armis

368 1420 598 1483 Promiocuouo
621 1420 802 1500 stampe«.

148 1553 236 1614 Pone
250 1562 372 1613 montes
386 1550 533 1631 Rhipaeos
545 1572 623 1632 gens
637 1552 724 1631 degit
736 1552 820 1628 felix,
834 1552 926 1635 quos‘¹
940 1554 1070 1635 Hyper-

228 1634 337 1694 boreos
352 1631 564 1712 appellavere.⁶

149 1713 231 1793 Regi
244 1711 344 1772 fidelis
358 1722 424 1772 erat
439 1721 588 1792 repertus.
840 1754 844 1761 -

151 1792 350 1853 Fortisslmns
365 1792 503 1852 omnium
517 1791 715 1852 barbarorum
729 1792 787 1853 fuit
799 1792 959 1857 Dotimes.

151 1873 248 1934 Stoici
273 1873 444 1933 diviserunt
470 1882 610 1932 naturam
637 1872 771 1933 hominis
797 1872 831 1933 in
858 1876 996 1935 animum
1029 1885 1071 1939 et

231 1973 284 2014 cor
305 1973 349 2013 us.

148 1972 327 2113 Numqulm
343 2041 390 2092 est
404 2032 479 2092 utile
493 2042 629 2111 pectere.

150 2111 351 2173 Fidelissimis
360 2111 480 2172 homini
494 2120 579 2171 sunt'
594 2111 677 2171 cunis
692 2122 784 2192 atque
798 2133 906 2193 equus.

151 2192 239 2272 Saepe
254 2202 301 2253 est
316 2192 409 2253 etiam
424 2192 481 2252 sub
493 2191 618 2272 palliolo
632 2192 757 2253 sordido
772 2194 931 2273 sapientie.

150 2272 209 2333 Illo
224 2292 317 2332 nemo
331 2273 390 2332 fuit
403 2272 519 2332 fortior.

149 2351 287 2413 Maturat
302 2352 340 2412 ab
355 2352 429 2411 urbe
464 2350 601 2412 rofioisci.

151 2432 353 2511 Perspicuum
375 2441 423 2491 est
442 2372 600 2492 Eomlnem
621 2451 638 2491 e
660 2440 786 2512 corpore
807 2432 970 2515 animoque
992 2455 1071 2497 eon.

230 2520 320 2571 sture.

150 2624 249 2705 They,
264 2623 415 2703 weeping,
429 2626 541 2703 sought
555 2644 659 2703 peace.

150 2704 219 2765 The
247 2703 427 2763 barbarians
456 2706 578 2783 (when)
609 2704 704 2765 about
737 2714 772 2766 to
806 2726 895 2787 carry
922 2727 963 2768 on
991 2728 1069 2783 war,

230 2784 344 2845 invoke
358 2784 412 2844 the
426 2784 516 2863 gods.
1088 2817 1091 2823 -

151 2864 243 2947 They
256 2864 310 2925 did
325 2873 382 2924 not
395 2864 440 2923 let
453 2863 507 2923 the
520 2863 596 2923 time
610 2864 658 2923 for
672 2864 768 2944 doing
780 2865 835 2926 the
849 2866 941 2947 thing
952 2887 1035 2948 poss.

152 2946 243 3026 They
256 2954 327 3007 sent
341 2943 549 3004 embassadors
562 2953 597 3004 to
611 2945 733 3005 consult
742 2946 800 3005 the
814 2947 924 3007 oracle.

152 3026 221 3087 The
235 3026 364 3087 soldiers
378 3024 511 3104 pursued
524 3024 578 3085 the
592 3044 706 3103 enemy
723 3025 843 3105 (while)
859 3026 980 3109 fleoing.

113 3224 130 3255 α
137 3211 196 3255 Rule
205 3213 225 3261 1,
234 3212 300 3253 Rem.
309 3215 329 3255 3.
354 3211 369 3253 h
378 3212 448 3253 Rnles
456 3210 495 3253 fos
507 3210 657 3303 trunslotffl,
665 3209 806 3263 peniculon,
815 3214 839 3262 ⁸3
853 3212 874 3255 lt
881 3223 930 3256 vu
943 3223 1068 3265 necessary

112 3267 138 3306 to
155 3273 184 3304 or
197 3261 283 3303 hewse
298 3261 390 3315 obliged
405 3267 438 3305 to.
466 3262 592 3313 osyntnx,
651 3261 767 3310 elmund
780 3262 851 3304 Butes
864 3261 903 3305 for
916 3262 1066 3315 umnam,

114 3324 141 3355 '⁸
163 3312 400 3451 nlffllfiiimogu)
500 3359 734 3412 esupplyuouum.
829 3363 918 3414 suno
931 3365 950 3416 ι,
964 3362 1063 3405 nunu.

137 3410 347 3465 centemnens.
375 3438 381 3453 .
