2459 3934
59 273 62 310 ,
136 224 201 289 212
519 236 704 288 nxnsmsss.

177 396 249 457 ch
264 395 437 459 miserande
451 397 546 477 pueri

177 476 248 537 Heu
264 496 313 537 rue
328 476 500 538 infelicem!

176 556 257 617 Ecce
273 556 460 618 novaturbn
473 567 565 638 atquc
580 557 665 617 rixa!

177 636 234 711 Tu,
248 636 399 717 Micythe,
415 649 577 716 argentum
591 637 664 697 huic
677 636 780 697 redde.

177 716 247 776 Heu
263 723 384 777 rarntas
399 717 551 777 humens!

177 797 300 869 Dentre,
317 795 500 869 Meneclidu,
515 797 589 857 mihi
604 796 784 875 exprobare.

177 876 248 937 Heu
263 876 370 969 edepol
385 896 433 935 res
446 876 655 938 turbulentas!

176 955 238 1017 Hei
253 957 344 1017 mihi!
366 956 546 1017 concitmut.
633 1019 636 1026 Α

176 1035 234 1097 Vae
250 1035 357 1098 victis!

153 1156 157 1164 ·
175 1116 205 1176 Ο
220 1116 262 1176 mi
277 1114 394 1177 Furni!

569 1246 656 1310 LIX.

134 1379 367 1441 Promiscuouo
387 1378 566 1459 stampiso,
580 1383 747 1459 requio-inq
767 1380 817 1440 tlte
837 1381 1037 1459 applioution
1052 1384 1100 1462 of

324 1458 423 1519 Rules
443 1461 486 1539 os
503 1460 628 1540 &utun
646 1461 741 1540 from
763 1463 779 1520 l
802 1471 834 1521 to
856 1463 903 1521 88.
999 1528 1003 1534 ¹

175 1586 338 1669 Ingenium
353 1587 452 1649 dociic
467 1598 499 1649 et
514 1609 600 1649 come
614 1589 733 1650 habuit.

177 1668 257 1729 Cum
271 1668 384 1749 paucis,
399 1669 454 1728 scd
469 1669 542 1729 viris
556 1669 696 1743 fortibus,
710 1689 823 1729 navem
836 1670 1030 1731 conscendit.

175 1748 255 1810 Post
268 1767 383 1809 aunum
398 1760 542 1829 quintum
555 1749 586 1808 in
602 1750 920 1841 patriam⁶1nvocitus
934 1761 992 1811 est.

176 1827 262 1890 Victi
267 1838 364 1969 ξηηι
378 1828 514 1909 quinque
528 1829 641 1908 puniris
655 1830 860 1903 terrestribus,
874 1830 973 1890 tribus
986 1832 1099 1891 noval-

255 1911 267 1969 i
289 1928 333 1971 us.

176 1988 366 2069 Reipublicae
381 1999 498 2082 peritus
511 1989 578 2049 fuit.
596 2050 599 2056 ,

177 2068 324 2142 Quaedam
340 2069 483 2129 animalia
497 2077 569 2129 sunt
583 2069 660 2129 lucis
673 2069 789 2129 timida.

176 2149 295 2211 Statuit
307 2148 424 2230 aliquid
439 2148 497 2209 sibi
511 2148 630 2209 consilii
643 2148 718 2208 novi
732 2168 798 2209 esse
813 2148 1009 2229 capiendum.

176 2228 318 2291 Civitatis
333 2228 477 2310 regendus
491 2239 607 2309 peritus
621 2228 689 2289 fuit.

175 2308 260 2369 Novi
275 2309 388 2389 ailquid
404 2308 472 2369 iniri
486 2307 606 2369 consilii
620 2308 848 2370 intellexerunt.
949 2378 952 2383 .

176 2387 208 2449 Is
221 2388 306 2449 locus
320 2390 407 2450 abest
424 2390 544 2451 circiter
557 2389 654 2449 millia
666 2408 812 2469 passuum
827 2390 945 2449 decern.

175 2468 250 2528 Non
265 2487 375 2548 expers
390 2470 449 2529 iirit
463 2468 598 2549 periculi.
762 2488 764 2493 “

177 2547 392 2610 sestertiorum
409 2562 534 2611 centum
549 2549 645 2609 miliia
659 2548 776 2609 muneri
790 2549 883 2610 misit.

177 2626 313 2690 Consilia
326 2648 420 2721 quum
438 2628 543 2709 patriae
558 2638 626 2689 turn
641 2629 698 2689 sibi
713 2630 837 2690 inimica
844 2628 994 2709 capiebat.

70 2740 74 2747 ·
176 2707 308 2770 Obviam
323 2728 351 2767 er
368 2722 527 2769 venerunt.

175 2788 331 2850 Postridie
346 2789 412 2869 ejus
426 2790 485 2850 diei
499 2809 568 2849 suas
582 2789 686 2869 copias
699 2789 815 2848 flumen
829 2788 1015 2851 transduxit.

177 2868 258 2944 Quo⁶
272 2869 339 2950 quis
354 2869 527 2942 indoctior?
541 2889 578 2929 eo
592 2868 811 2948 impudentior.

175 2950 226 3011 Itu
244 2950 322 3011 vixit
347 2960 383 3011 ut
411 2947 561 3010 universis
584 2948 830 3009 Atheniensibus
857 2950 967 3011 monto
995 2960 1095 3013 esset‘

254 3031 436 3092 carissimus.

174 3107 219 3169 Os
232 3111 437 3191 humerosque
453 3109 513 3170 dcc
527 3108 635 3171 similis
649 3108 799 3189 apparuit

173 3188 305 3270 Propior
319 3192 441 3252 hortem
455 3189 623 3252 collocutus
636 3197 727 3249 esset.

208 3367 293 3409 anuto
301 3370 321 3420 1,
330 3369 396 3411 lteuu
405 3369 425 3412 9.
543 3367 625 3409 rutulo
635 3370 667 3420 10,
676 3368 743 3410 Rem.
752 3371 772 3412 2.
890 3368 1013 3415 cunum.
