<?xml version="1.0" encoding="UTF-8"?>
<!DOCTYPE html PUBLIC "-//W3C//DTD XHTML 1.0 Transitional//EN"
    "http://www.w3.org/TR/xhtml1/DTD/xhtml1-transitional.dtd">
<html xmlns="http://www.w3.org/1999/xhtml" xml:lang="en" lang="en">
 <head>
  <title>
</title>
<meta http-equiv="Content-Type" content="text/html;charset=utf-8" />
  <meta name='ocr-system' content='tesseract 3.04.00' />
  <meta name='ocr-capabilities' content='ocr_page ocr_carea ocr_par ocr_line ocrx_word'/>
</head>
<body>
  <div class='ocr_page' id='page_1' title='image "./firstlessonsinl06andrgoog_0227.png"; bbox 0 0 2459 3934; ppageno 0'>
   <div class='ocr_carea' id='block_1_1' title="bbox 117 226 686 293">
    <p class='ocr_par' dir='ltr' id='par_1_1' title="bbox 117 226 686 293">
     <span class='ocr_line' id='line_1_1' title="bbox 117 226 686 293; baseline -0.016 0"><span class='ocrx_word' id='word_1_1' title='bbox 117 226 181 293; x_wconf 79' lang='lat'>218</span> <span class='ocrx_word' id='word_1_2' title='bbox 500 238 686 285; x_wconf 74' lang='lat' dir='ltr'>nxnamsm.</span> 
     </span>
    </p>
   </div>
   <div class='ocr_carea' id='block_1_2' title="bbox 157 398 904 1755">
    <p class='ocr_par' dir='ltr' id='par_1_2' title="bbox 157 398 578 476">
     <span class='ocr_line' id='line_1_2' title="bbox 157 398 578 476; baseline -0.002 -18"><span class='ocrx_word' id='word_1_3' title='bbox 157 398 371 476; x_wconf 66' lang='lat' dir='ltr'>Interrogatus</span> <span class='ocrx_word' id='word_1_4' title='bbox 385 406 433 457; x_wconf 89' lang='lat' dir='ltr'>est</span> <span class='ocrx_word' id='word_1_5' title='bbox 446 416 578 457; x_wconf 87' lang='lat' dir='ltr'>eausam.</span> 
     </span>
    </p>

    <p class='ocr_par' dir='ltr' id='par_1_3' title="bbox 157 478 468 556">
     <span class='ocr_line' id='line_1_3' title="bbox 157 478 468 556; baseline -0.003 -19"><span class='ocrx_word' id='word_1_6' title='bbox 157 478 240 537; x_wconf 83' lang='lat' dir='ltr'>Navi</span> <span class='ocrx_word' id='word_1_7' title='bbox 255 496 395 556; x_wconf 78' lang='lat' dir='ltr'>egressus</span> <span class='ocrx_word' id='word_1_8' title='bbox 413 486 468 537; x_wconf 89' lang='lat' dir='ltr'>est.</span> 
     </span>
    </p>

    <p class='ocr_par' dir='ltr' id='par_1_4' title="bbox 157 556 434 637">
     <span class='ocr_line' id='line_1_4' title="bbox 157 556 434 637; baseline -0.007 -20"><span class='ocrx_word' id='word_1_9' title='bbox 157 558 312 637; x_wconf 82' lang='lat' dir='ltr'>Fungitur</span> <span class='ocrx_word' id='word_1_10' title='bbox 326 556 434 616; x_wconf 76' lang='lat' dir='ltr'>officio,</span> 
     </span>
    </p>

    <p class='ocr_par' dir='ltr' id='par_1_5' title="bbox 158 636 443 699">
     <span class='ocr_line' id='line_1_5' title="bbox 158 636 443 699; baseline -0.018 0"><span class='ocrx_word' id='word_1_11' title='bbox 158 636 267 699; x_wconf 82' lang='lat' dir='ltr'>Gaude</span> <span class='ocrx_word' id='word_1_12' title='bbox 282 646 338 696; x_wconf 86' lang='lat' dir='ltr'>tuo</span> <span class='ocrx_word' id='word_1_13' title='bbox 352 636 443 697; x_wconf 91' lang='lat' dir='ltr'>bono.</span> 
     </span>
    </p>

    <p class='ocr_par' dir='ltr' id='par_1_6' title="bbox 159 716 636 779">
     <span class='ocr_line' id='line_1_6' title="bbox 159 716 636 779; baseline -0.004 0"><span class='ocrx_word' id='word_1_14' title='bbox 159 717 294 779; x_wconf 83' lang='lat' dir='ltr'>Consilio</span> <span class='ocrx_word' id='word_1_15' title='bbox 309 726 341 776; x_wconf 89' lang='lat' dir='ltr'>et</span> <span class='ocrx_word' id='word_1_16' title='bbox 355 720 470 776; x_wconf 76' lang='lat' dir='ltr'>ratibus</span> <span class='ocrx_word' id='word_1_17' title='bbox 485 716 636 777; x_wconf 75' lang='lat' dir='ltr'>definitur.</span> 
     </span>
    </p>

    <p class='ocr_par' dir='ltr' id='par_1_7' title="bbox 159 796 540 859">
     <span class='ocr_line' id='line_1_7' title="bbox 159 796 540 859; baseline -0.013 0"><span class='ocrx_word' id='word_1_18' title='bbox 159 797 310 859; x_wconf 71' lang='lat' dir='ltr'>Custodia</span> <span class='ocrx_word' id='word_1_19' title='bbox 323 796 470 856; x_wconf 61' lang='lat' dir='ltr'>libertatus</span> <span class='ocrx_word' id='word_1_20' title='bbox 484 805 540 855; x_wconf 88' lang='lat' dir='ltr'>est.</span> 
     </span>
    </p>

    <p class='ocr_par' dir='ltr' id='par_1_8' title="bbox 157 876 505 937">
     <span class='ocr_line' id='line_1_8' title="bbox 157 876 505 937; baseline -0.006 0"><span class='ocrx_word' id='word_1_21' title='bbox 157 876 264 937; x_wconf 86' lang='lat' dir='ltr'>Naves</span> <span class='ocrx_word' id='word_1_22' title='bbox 278 882 409 937; x_wconf 75' lang='lat' dir='ltr'>onerant</span> <span class='ocrx_word' id='word_1_23' title='bbox 422 895 505 936; x_wconf 86' lang='lat' dir='ltr'>euro.</span> 
     </span>
    </p>

    <p class='ocr_par' dir='ltr' id='par_1_9' title="bbox 157 955 843 1177">
     <span class='ocr_line' id='line_1_9' title="bbox 157 955 843 1037; baseline -0.001 -21"><span class='ocrx_word' id='word_1_24' title='bbox 157 956 326 1018; x_wconf 84' lang='lat' dir='ltr'>Obsidibus</span> <span class='ocrx_word' id='word_1_25' title='bbox 340 955 481 1016; x_wconf 71' lang='lat' dir='ltr'>adductis</span> <span class='ocrx_word' id='word_1_26' title='bbox 495 975 548 1015; x_wconf 89' lang='lat' dir='ltr'>eos</span> <span class='ocrx_word' id='word_1_27' title='bbox 562 955 595 1017; x_wconf 91' lang='lat' dir='ltr'>in</span> <span class='ocrx_word' id='word_1_28' title='bbox 608 955 703 1016; x_wconf 87' lang='lat' dir='ltr'>fidem</span> <span class='ocrx_word' id='word_1_29' title='bbox 717 955 843 1037; x_wconf 79' lang='lat' dir='ltr'>reeepit.</span> 
     </span>
     <span class='ocr_line' id='line_1_10' title="bbox 157 1035 743 1115; baseline -0.002 -18"><span class='ocrx_word' id='word_1_30' title='bbox 157 1036 232 1097; x_wconf 86' lang='lat' dir='ltr'>Non</span> <span class='ocrx_word' id='word_1_31' title='bbox 247 1036 320 1097; x_wconf 86' lang='lat' dir='ltr'>satis</span> <span class='ocrx_word' id='word_1_32' title='bbox 335 1046 437 1096; x_wconf 85' lang='lat' dir='ltr'>tutum</span> <span class='ocrx_word' id='word_1_33' title='bbox 452 1055 484 1095; x_wconf 86' lang='lat' dir='ltr'>se</span> <span class='ocrx_word' id='word_1_34' title='bbox 499 1035 593 1115; x_wconf 86' lang='lat' dir='ltr'>Argis</span> <span class='ocrx_word' id='word_1_35' title='bbox 607 1035 743 1097; x_wconf 78' lang='lat' dir='ltr'>videbat.</span> 
     </span>
     <span class='ocr_line' id='line_1_11' title="bbox 157 1116 764 1177; baseline -0.015 0"><span class='ocrx_word' id='word_1_36' title='bbox 157 1116 295 1177; x_wconf 90' lang='lat' dir='ltr'>Domum</span> <span class='ocrx_word' id='word_1_37' title='bbox 309 1125 510 1177; x_wconf 76' lang='lat' dir='ltr'>reverterunt.</span> <span class='ocrx_word' id='word_1_38' title='bbox 762 1161 764 1168; x_wconf 84' lang='lat'>.</span> 
     </span>
    </p>

    <p class='ocr_par' dir='ltr' id='par_1_10' title="bbox 159 1194 871 1355">
     <span class='ocr_line' id='line_1_12' title="bbox 159 1194 871 1275; baseline -0.004 -18"><span class='ocrx_word' id='word_1_39' title='bbox 159 1196 239 1257; x_wconf 88' lang='lat' dir='ltr'>Solis</span> <span class='ocrx_word' id='word_1_40' title='bbox 253 1207 362 1257; x_wconf 73' lang='lat' dir='ltr'>oseasu</span> <span class='ocrx_word' id='word_1_41' title='bbox 377 1215 447 1257; x_wconf 87' lang='lat' dir='ltr'>suas</span> <span class='ocrx_word' id='word_1_42' title='bbox 461 1194 565 1275; x_wconf 82' lang='lat' dir='ltr'>copias</span> <span class='ocrx_word' id='word_1_43' title='bbox 577 1194 609 1255; x_wconf 92' lang='lat' dir='ltr'>in</span> <span class='ocrx_word' id='word_1_44' title='bbox 624 1204 725 1256; x_wconf 84' lang='lat' dir='ltr'>eastra</span> <span class='ocrx_word' id='word_1_45' title='bbox 736 1194 871 1255; x_wconf 87' lang='lat' dir='ltr'>reduxit</span> 
     </span>
     <span class='ocr_line' id='line_1_13' title="bbox 159 1275 736 1355; baseline 0.002 -20"><span class='ocrx_word' id='word_1_46' title='bbox 159 1276 219 1336; x_wconf 83' lang='lat' dir='ltr'>Hie</span> <span class='ocrx_word' id='word_1_47' title='bbox 232 1275 404 1355; x_wconf 74' lang='lat' dir='ltr'>complures</span> <span class='ocrx_word' id='word_1_48' title='bbox 418 1294 515 1335; x_wconf 87' lang='lat' dir='ltr'>annos</span> <span class='ocrx_word' id='word_1_49' title='bbox 529 1284 667 1336; x_wconf 74' lang='lat' dir='ltr'>moratus</span> <span class='ocrx_word' id='word_1_50' title='bbox 680 1284 736 1336; x_wconf 78' lang='lat' dir='ltr'>est</span> 
     </span>
    </p>

    <p class='ocr_par' dir='ltr' id='par_1_11' title="bbox 157 1354 904 1496">
     <span class='ocr_line' id='line_1_14' title="bbox 157 1354 904 1436; baseline -0.003 -19"><span class='ocrx_word' id='word_1_51' title='bbox 157 1356 244 1417; x_wconf 87' lang='lat' dir='ltr'>Duas</span> <span class='ocrx_word' id='word_1_52' title='bbox 256 1356 351 1417; x_wconf 87' lang='lat' dir='ltr'>fossas</span> <span class='ocrx_word' id='word_1_53' title='bbox 365 1354 538 1435; x_wconf 74' lang='lat' dir='ltr'>quindecim</span> <span class='ocrx_word' id='word_1_54' title='bbox 551 1358 645 1434; x_wconf 88' lang='lat' dir='ltr'>pedes</span> <span class='ocrx_word' id='word_1_55' title='bbox 657 1354 735 1415; x_wconf 85' lang='lat' dir='ltr'>latus</span> <span class='ocrx_word' id='word_1_56' title='bbox 748 1354 904 1436; x_wconf 80' lang='lat' dir='ltr'>perduxit</span> 
     </span>
     <span class='ocr_line' id='line_1_15' title="bbox 158 1435 437 1496; baseline -0.007 0"><span class='ocrx_word' id='word_1_57' title='bbox 158 1436 187 1495; x_wconf 94' lang='lat'>0</span> <span class='ocrx_word' id='word_1_58' title='bbox 202 1456 289 1496; x_wconf 79' lang='lat' dir='ltr'>carus</span> <span class='ocrx_word' id='word_1_59' title='bbox 303 1435 437 1495; x_wconf 74' lang='lat' dir='ltr'>amiens!</span> 
     </span>
    </p>

    <p class='ocr_par' dir='ltr' id='par_1_12' title="bbox 158 1514 585 1577">
     <span class='ocr_line' id='line_1_16' title="bbox 158 1514 585 1577; baseline -0.002 -2"><span class='ocrx_word' id='word_1_60' title='bbox 158 1515 241 1577; x_wconf 84' lang='lat' dir='ltr'>Eeee</span> <span class='ocrx_word' id='word_1_61' title='bbox 255 1514 398 1576; x_wconf 72' lang='lat' dir='ltr'>miserum</span> <span class='ocrx_word' id='word_1_62' title='bbox 411 1514 585 1575; x_wconf 80' lang='lat' dir='ltr'>hominem!</span> 
     </span>
    </p>

    <p class='ocr_par' dir='ltr' id='par_1_13' title="bbox 159 1590 666 1675">
     <span class='ocr_line' id='line_1_17' title="bbox 159 1590 666 1675; baseline -0.006 -19"><span class='ocrx_word' id='word_1_63' title='bbox 159 1595 233 1656; x_wconf 86' lang='lat' dir='ltr'>Heu</span> <span class='ocrx_word' id='word_1_64' title='bbox 247 1595 334 1675; x_wconf 83' lang='lat' dir='ltr'>virgo</span> <span class='ocrx_word' id='word_1_65' title='bbox 349 1594 473 1655; x_wconf 68' lang='lat' dir='ltr'>infelix!</span> <span class='ocrx_word' id='word_1_66' title='bbox 660 1590 666 1604; x_wconf 87' lang='lat'>&#39;</span> 
     </span>
    </p>

    <p class='ocr_par' dir='ltr' id='par_1_14' title="bbox 158 1674 570 1755">
     <span class='ocr_line' id='line_1_18' title="bbox 158 1674 570 1755; baseline -0.007 -18"><span class='ocrx_word' id='word_1_67' title='bbox 158 1674 223 1737; x_wconf 89' lang='lat' dir='ltr'>Res</span> <span class='ocrx_word' id='word_1_68' title='bbox 236 1694 364 1755; x_wconf 73' lang='lat' dir='ltr'>magnas</span> <span class='ocrx_word' id='word_1_69' title='bbox 379 1674 452 1733; x_wconf 86' lang='lat' dir='ltr'>mari</span> <span class='ocrx_word' id='word_1_70' title='bbox 465 1674 570 1753; x_wconf 78' lang='lat' dir='ltr'>gessit.</span> 
     </span>
    </p>
   </div>
   <div class='ocr_carea' id='block_1_3' title="bbox 254 1837 938 2049">
    <p class='ocr_par' dir='ltr' id='par_1_15' title="bbox 254 1837 938 2049">
     <span class='ocr_line' id='line_1_19' title="bbox 559 1837 628 1899; baseline 0 0"><span class='ocrx_word' id='word_1_71' title='bbox 559 1837 628 1899; x_wconf 85' lang='lat' dir='ltr'>LX.</span> 
     </span>
     <span class='ocr_line' id='line_1_20' title="bbox 254 1969 938 2049; baseline 0 -16"><span class='ocrx_word' id='word_1_72' title='bbox 254 1970 453 2049; x_wconf 77' lang='lat' dir='ltr'>Subjunctive</span> <span class='ocrx_word' id='word_1_73' title='bbox 473 1969 737 2030; x_wconf 67' lang='lat' dir='ltr'>Mond-Rudee</span> <span class='ocrx_word' id='word_1_74' title='bbox 758 1973 797 2032; x_wconf 82' lang='lat'>89</span> <span class='ocrx_word' id='word_1_75' title='bbox 817 1981 849 2032; x_wconf 88' lang='lat' dir='ltr'>to</span> <span class='ocrx_word' id='word_1_76' title='bbox 871 1972 938 2033; x_wconf 87' lang='grc'>100.</span> 
     </span>
    </p>
   </div>
   <div class='ocr_carea' id='block_1_4' title="bbox 160 2099 1085 2657">
    <p class='ocr_par' dir='ltr' id='par_1_16' title="bbox 162 2099 961 2181">
     <span class='ocr_line' id='line_1_21' title="bbox 162 2099 961 2181; baseline 0 -18"><span class='ocrx_word' id='word_1_77' title='bbox 162 2102 274 2175; x_wconf 83' lang='lat' dir='ltr'>Sensit,</span> <span class='ocrx_word' id='word_1_78' title='bbox 288 2100 314 2162; x_wconf 87' lang='lat' dir='ltr'>si</span> <span class='ocrx_word' id='word_1_79' title='bbox 328 2120 365 2160; x_wconf 91' lang='lat' dir='ltr'>eo</span> <span class='ocrx_word' id='word_1_80' title='bbox 381 2100 593 2180; x_wconf 52' lang='lat' dir='ltr'>pervenisset?</span> <span class='ocrx_word' id='word_1_81' title='bbox 607 2099 665 2160; x_wconf 87' lang='lat' dir='ltr'>sibi</span> <span class='ocrx_word' id='word_1_82' title='bbox 678 2120 743 2161; x_wconf 89' lang='lat' dir='ltr'>esse</span> <span class='ocrx_word' id='word_1_83' title='bbox 757 2102 961 2181; x_wconf 87' lang='lat' dir='ltr'>pereundum.</span> 
     </span>
    </p>

    <p class='ocr_par' dir='ltr' id='par_1_17' title="bbox 161 2180 439 2243">
     <span class='ocr_line' id='line_1_22' title="bbox 161 2180 439 2243; baseline -0.014 0"><span class='ocrx_word' id='word_1_84' title='bbox 161 2180 292 2243; x_wconf 71' lang='lat' dir='ltr'>Faveat⁶</span> <span class='ocrx_word' id='word_1_85' title='bbox 305 2180 439 2241; x_wconf 85' lang='lat' dir='ltr'>fortuna.</span> 
     </span>
    </p>

    <p class='ocr_par' dir='ltr' id='par_1_18' title="bbox 161 2259 586 2322">
     <span class='ocr_line' id='line_1_23' title="bbox 161 2259 586 2322; baseline -0.007 0"><span class='ocrx_word' id='word_1_86' title='bbox 161 2262 200 2322; x_wconf 92' lang='lat' dir='ltr'>In</span> <span class='ocrx_word' id='word_1_87' title='bbox 215 2261 327 2322; x_wconf 79' lang='lat' dir='ltr'>medie⁶</span> <span class='ocrx_word' id='word_1_88' title='bbox 342 2280 428 2321; x_wconf 86' lang='lat' dir='ltr'>arma</span> <span class='ocrx_word' id='word_1_89' title='bbox 441 2259 586 2321; x_wconf 61' lang='lat' dir='ltr'>ruamus?</span> 
     </span>
    </p>

    <p class='ocr_par' dir='ltr' id='par_1_19' title="bbox 160 2338 1085 2481">
     <span class='ocr_line' id='line_1_24' title="bbox 160 2338 1085 2421; baseline 0.001 -18"><span class='ocrx_word' id='word_1_90' title='bbox 160 2341 278 2421; x_wconf 88' lang='lat' dir='ltr'>Pythia</span> <span class='ocrx_word' id='word_1_91' title='bbox 290 2340 435 2421; x_wconf 77' lang='lat' dir='ltr'>praecepit</span> <span class='ocrx_word' id='word_1_92' title='bbox 451 2351 484 2400; x_wconf 88' lang='lat' dir='ltr'>ut</span> <span class='ocrx_word' id='word_1_93' title='bbox 498 2340 668 2400; x_wconf 73' lang='lat' dir='ltr'>Miltiadem</span> <span class='ocrx_word' id='word_1_94' title='bbox 684 2338 742 2399; x_wconf 89' lang='lat' dir='ltr'>sibi</span> <span class='ocrx_word' id='word_1_95' title='bbox 762 2340 975 2420; x_wconf 69' lang='lat' dir='ltr'>imperatorem</span> <span class='ocrx_word' id='word_1_96' title='bbox 996 2362 1085 2404; x_wconf 90' lang='lat' dir='ltr'>sum-</span> 
     </span>
     <span class='ocr_line' id='line_1_25' title="bbox 241 2424 1044 2481; baseline -0.004 0"><span class='ocrx_word' id='word_1_97' title='bbox 241 2428 335 2481; x_wconf 75' lang='lat' dir='ltr'>erent.</span> <span class='ocrx_word' id='word_1_98' title='bbox 1039 2424 1044 2430; x_wconf 89' lang='lat'>&#39;</span> 
     </span>
    </p>

    <p class='ocr_par' dir='ltr' id='par_1_20' title="bbox 161 2498 749 2562">
     <span class='ocr_line' id='line_1_26' title="bbox 161 2498 749 2562; baseline -0.003 -1"><span class='ocrx_word' id='word_1_99' title='bbox 161 2501 236 2562; x_wconf 90' lang='lat' dir='ltr'>Non</span> <span class='ocrx_word' id='word_1_100' title='bbox 250 2520 318 2559; x_wconf 90' lang='lat' dir='ltr'>sum</span> <span class='ocrx_word' id='word_1_101' title='bbox 332 2499 376 2559; x_wconf 87' lang='lat' dir='ltr'>ita</span> <span class='ocrx_word' id='word_1_102' title='bbox 390 2500 484 2559; x_wconf 85' lang='lat' dir='ltr'>hebes</span> <span class='ocrx_word' id='word_1_103' title='bbox 499 2508 533 2559; x_wconf 90' lang='lat' dir='ltr'>ut</span> <span class='ocrx_word' id='word_1_104' title='bbox 547 2499 627 2559; x_wconf 84' lang='lat' dir='ltr'>istuc</span> <span class='ocrx_word' id='word_1_105' title='bbox 641 2498 749 2559; x_wconf 83' lang='lat' dir='ltr'>dicam.</span> 
     </span>
    </p>

    <p class='ocr_par' dir='ltr' id='par_1_21' title="bbox 161 2577 864 2657">
     <span class='ocr_line' id='line_1_27' title="bbox 161 2577 864 2657; baseline -0.004 -16"><span class='ocrx_word' id='word_1_106' title='bbox 161 2580 244 2641; x_wconf 92' lang='lat' dir='ltr'>Illud</span> <span class='ocrx_word' id='word_1_107' title='bbox 260 2577 395 2652; x_wconf 75' lang='lat' dir='ltr'>moneo,d</span> <span class='ocrx_word' id='word_1_108' title='bbox 404 2579 497 2657; x_wconf 87' lang='lat' dir='ltr'>juxte</span> <span class='ocrx_word' id='word_1_109' title='bbox 511 2580 615 2639; x_wconf 87' lang='lat' dir='ltr'>hostes</span> <span class='ocrx_word' id='word_1_110' title='bbox 629 2589 730 2639; x_wconf 86' lang='lat' dir='ltr'>castra</span> <span class='ocrx_word' id='word_1_111' title='bbox 742 2578 864 2641; x_wconf 84' lang='lat' dir='ltr'>habeas.</span> 
     </span>
    </p>
   </div>
   <div class='ocr_carea' id='block_1_5' title="bbox 161 2658 709 2799">
    <p class='ocr_par' dir='ltr' id='par_1_22' title="bbox 161 2658 709 2799">
     <span class='ocr_line' id='line_1_28' title="bbox 161 2658 709 2799; baseline -0.011 -76"><span class='ocrx_word' id='word_1_112' title='bbox 161 2660 293 2723; x_wconf 84' lang='lat' dir='ltr'>Utinam</span> <span class='ocrx_word' id='word_1_113' title='bbox 307 2658 428 2799; x_wconf 53' lang='lat' dir='ltr'>guidem</span> <span class='ocrx_word' id='word_1_114' title='bbox 442 2658 525 2719; x_wconf 85' lang='lat' dir='ltr'>istud</span> <span class='ocrx_word' id='word_1_115' title='bbox 540 2658 709 2719; x_wconf 71' lang='lat' dir='ltr'>evenisset!</span> 
     </span>
    </p>
   </div>
   <div class='ocr_carea' id='block_1_6' title="bbox 160 2740 1133 3296">
    <p class='ocr_par' dir='ltr' id='par_1_23' title="bbox 163 2740 559 2801">
     <span class='ocr_line' id='line_1_29' title="bbox 163 2740 559 2801; baseline -0.008 0"><span class='ocrx_word' id='word_1_116' title='bbox 163 2740 294 2801; x_wconf 77' lang='lat' dir='ltr'>Oderint</span> <span class='ocrx_word' id='word_1_117' title='bbox 334 2760 382 2797; x_wconf 90' lang='lat' dir='ltr'>um</span> <span class='ocrx_word' id='word_1_118' title='bbox 401 2747 559 2798; x_wconf 61' lang='lat' dir='ltr'>metuant?</span> 
     </span>
    </p>

    <p class='ocr_par' dir='ltr' id='par_1_24' title="bbox 161 2817 1083 2961">
     <span class='ocr_line' id='line_1_30' title="bbox 161 2817 1083 2901; baseline -0.002 -19"><span class='ocrx_word' id='word_1_119' title='bbox 161 2822 343 2901; x_wconf 86' lang='lat' dir='ltr'>Priusquam</span> <span class='ocrx_word' id='word_1_120' title='bbox 364 2817 590 2879; x_wconf 82' lang='lat' dir='ltr'>Lacedaemonii</span> <span class='ocrx_word' id='word_1_121' title='bbox 610 2817 746 2880; x_wconf 87' lang='lat' dir='ltr'>subsidio</span> <span class='ocrx_word' id='word_1_122' title='bbox 764 2822 915 2893; x_wconf 63' lang='lat' dir='ltr'>vendent,</span> <span class='ocrx_word' id='word_1_123' title='bbox 929 2820 1083 2897; x_wconf 71' lang='lat' dir='ltr'>dimicare</span> 
     </span>
     <span class='ocr_line' id='line_1_31' title="bbox 242 2898 546 2961; baseline -0.016 0"><span class='ocrx_word' id='word_1_124' title='bbox 242 2901 318 2961; x_wconf 89' lang='lat' dir='ltr'>utile</span> <span class='ocrx_word' id='word_1_125' title='bbox 333 2898 546 2960; x_wconf 62' lang='lat' dir='ltr'>arbitrabatur.</span> 
     </span>
    </p>

    <p class='ocr_par' dir='ltr' id='par_1_25' title="bbox 161 2978 1133 3059">
     <span class='ocr_line' id='line_1_32' title="bbox 161 2978 1133 3059; baseline -0.004 -16"><span class='ocrx_word' id='word_1_126' title='bbox 161 2982 320 3043; x_wconf 78' lang='lat' dir='ltr'>Putabant</span> <span class='ocrx_word' id='word_1_127' title='bbox 334 2978 577 3059; x_wconf 84' lang='lat' dir='ltr'>exspectandum</span> <span class='ocrx_word' id='word_1_128' title='bbox 591 2978 667 3037; x_wconf 92' lang='lat' dir='ltr'>dum</span> <span class='ocrx_word' id='word_1_129' title='bbox 681 2998 714 3038; x_wconf 89' lang='lat' dir='ltr'>se</span> <span class='ocrx_word' id='word_1_130' title='bbox 728 2978 795 3058; x_wconf 89' lang='lat' dir='ltr'>ipsa</span> <span class='ocrx_word' id='word_1_131' title='bbox 808 2998 857 3039; x_wconf 87' lang='lat' dir='ltr'>res</span> <span class='ocrx_word' id='word_1_132' title='bbox 871 2989 1013 3058; x_wconf 79' lang='lat' dir='ltr'>aperiret</span> <span class='ocrx_word' id='word_1_133' title='bbox 1129 3046 1133 3053; x_wconf 50' lang='grc'><strong>,</strong></span> 
     </span>
    </p>

    <p class='ocr_par' dir='ltr' id='par_1_26' title="bbox 160 3056 1081 3296">
     <span class='ocr_line' id='line_1_33' title="bbox 160 3056 1081 3143; baseline -0.002 -19"><span class='ocrx_word' id='word_1_134' title='bbox 160 3062 273 3123; x_wconf 77' lang='lat' dir='ltr'>Darius</span> <span class='ocrx_word' id='word_1_135' title='bbox 287 3080 383 3143; x_wconf 89' lang='lat' dir='ltr'>quum</span> <span class='ocrx_word' id='word_1_136' title='bbox 402 3078 442 3119; x_wconf 84' lang='lat' dir='ltr'>ex</span> <span class='ocrx_word' id='word_1_137' title='bbox 460 3056 584 3138; x_wconf 67' lang='lat' dir='ltr'>Europa</span> <span class='ocrx_word' id='word_1_138' title='bbox 598 3059 630 3117; x_wconf 92' lang='lat' dir='ltr'>in</span> <span class='ocrx_word' id='word_1_139' title='bbox 645 3057 752 3117; x_wconf 85' lang='lat' dir='ltr'>Asiam</span> <span class='ocrx_word' id='word_1_140' title='bbox 768 3058 908 3132; x_wconf 84' lang='lat' dir='ltr'>redisset,</span> <span class='ocrx_word' id='word_1_141' title='bbox 922 3059 1081 3122; x_wconf 84' lang='lat' dir='ltr'>hortanti·</span> 
     </span>
     <span class='ocr_line' id='line_1_34' title="bbox 240 3136 1080 3219; baseline -0.002 -16"><span class='ocrx_word' id='word_1_142' title='bbox 240 3143 297 3203; x_wconf 90' lang='lat' dir='ltr'>bus</span> <span class='ocrx_word' id='word_1_143' title='bbox 311 3139 414 3201; x_wconf 82' lang='lat' dir='ltr'>amieis</span> <span class='ocrx_word' id='word_1_144' title='bbox 428 3147 464 3199; x_wconf 84' lang='lat' dir='ltr'>ut</span> <span class='ocrx_word' id='word_1_145' title='bbox 477 3137 627 3199; x_wconf 79' lang='lat' dir='ltr'>Graeciam</span> <span class='ocrx_word' id='word_1_146' title='bbox 641 3136 794 3217; x_wconf 77' lang='lat' dir='ltr'>redigeret</span> <span class='ocrx_word' id='word_1_147' title='bbox 812 3138 844 3197; x_wconf 93' lang='lat' dir='ltr'>in</span> <span class='ocrx_word' id='word_1_148' title='bbox 865 3157 951 3219; x_wconf 86' lang='lat' dir='ltr'>suam</span> <span class='ocrx_word' id='word_1_149' title='bbox 970 3150 1080 3219; x_wconf 89' lang='lat' dir='ltr'>potes-</span> 
     </span>
     <span class='ocr_line' id='line_1_35' title="bbox 240 3216 694 3296; baseline -0.018 -13"><span class='ocrx_word' id='word_1_150' title='bbox 240 3231 345 3295; x_wconf 77' lang='lat' dir='ltr'>tatem,</span> <span class='ocrx_word' id='word_1_151' title='bbox 359 3221 484 3281; x_wconf 86' lang='lat' dir='ltr'>elassem</span> <span class='ocrx_word' id='word_1_152' title='bbox 498 3216 694 3296; x_wconf 73' lang='lat' dir='ltr'>comparavit.</span> 
     </span>
    </p>
   </div>
   <div class='ocr_carea' id='block_1_7' title="bbox 122 3346 1077 3443">
    <p class='ocr_par' dir='ltr' id='par_1_27' title="bbox 122 3346 1077 3443">
     <span class='ocr_line' id='line_1_36' title="bbox 122 3346 1077 3443; baseline -0.002 -18"><span class='ocrx_word' id='word_1_153' title='bbox 122 3382 244 3425; x_wconf 65' lang='lat' dir='ltr'>aRuletb.</span> <span class='ocrx_word' id='word_1_154' title='bbox 278 3379 436 3424; x_wconf 61' lang='lat' dir='ltr'>bBulesm.</span> <span class='ocrx_word' id='word_1_155' title='bbox 458 3377 673 3428; x_wconf 54' lang='lat' dir='ltr'>ebrletatem</span> <span class='ocrx_word' id='word_1_156' title='bbox 718 3346 914 3443; x_wconf 51' lang='lat' dir='ltr'>anglewdtem,</span> <span class='ocrx_word' id='word_1_157' title='bbox 952 3380 1077 3427; x_wconf 62' lang='grc' dir='ltr'>«ΜΩ.</span> 
     </span>
    </p>
   </div>
   <div class='ocr_carea' id='block_1_8' title="bbox 0 0 1236 3934">
    <p class='ocr_par' dir='ltr' id='par_1_28' title="bbox 0 0 1236 3934">
     <span class='ocr_line' id='line_1_37' title="bbox 0 0 1236 3934; baseline 0 0"><span class='ocrx_word' id='word_1_158' title='bbox 0 0 1236 3934; x_wconf 95' lang='lat' dir='ltr'> </span> 
     </span>
    </p>
   </div>
  </div>
 </body>
</html>
